% Plattform Dokuementationen

@misc{caniuse.2020,
 author = {Kubernetes},
 year = {2020},
 url = {https://caniuse.com/},
 urldate = {2020-01-16}
}







% Robin

@misc{KubernetesDokumentation.2017,
 author = {Kubernetes},
 year = {2017},
 url = {https://github.com/kubernetes/kubernetes.github.io},
 urldate = {2017-04-25}
}

@misc{KontenaDokumentation.2017,
 author = {Kontena, Inc.},
 year = {2017},
 url = {https://github.com/kontena/kontena/tree/master/docs},
 urldate = {2017-04-25}
}

@misc{NomadDokumentation.2017,
 author = {HashiCorp},
 year = {2017},
 url = {https://github.com/hashicorp/nomad/tree/master/website/source/docs},
 urldate = {2017-04-25}
}

@misc{DockerSwarmDokumentation.2017,
 author = {Docker},
 year = {2017},
 url = {https://github.com/docker/docker.github.io/tree/master/swarm},
 urldate = {2017-04-25}
}

@misc{RancherDokumentation.2017,
 author = {Rancher},
 year = {2017},
 url = {https://github.com/rancher/rancher.github.io/tree/master/rancher/v1.5/en},
 urldate = {2017-04-25}
}

@misc{MesosDokumentation.2017,
 author = {The Apache Software Foundation},
 year = {2017},
 url = {https://github.com/apache/mesos/tree/master/docs},
 urldate = {2017-04-25}
}

@misc{MarathonDokumentation.2017,
 author = {Mesosphere},
 year = {2017},
 url = {https://github.com/mesosphere/marathon/tree/master/docs},
 urldate = {2017-04-25}
}

@misc{FlynnDokumentation.2017,
 author = {Flynn},
 year = {2017},
 url = {https://github.com/flynn/flynn/tree/master/docs},
 urldate = {2017-04-25}
}

@misc{DiegoDokumentation.2017,
 author = {Cloud Foundry Foundation},
 year = {2017},
 url = {https://github.com/cloudfoundry/docs-cloudfoundry-concepts},
 urldate = {2017-04-25}
}

% Sonstige Quellen

@misc{ISO27000.2017,
 author = {PRAXIOM RESEARCH GROUP LIMITED},
 year = {2017},
 url = {http://www.praxiom.com/iso-27000-definitions.htm#Availability},
 urldate = {2017-04-23}
}

@misc{ITILDEFINITION.2011,
 author = {KNOWLEDGETRANSFER.NET},
 year = {2011},
 url = {http://www.knowledgetransfer.net/dictionary/ITIL/en/Availability.htm},
 urldate = {2017-04-23}
}

@misc{SNIA.2016,
 author = {Storage Network Industry Association},
 year = {2016},
 url = {http://www.snia.org/sites/default/files/dictionary/SNIADictionaryv2016_1.pdf},
 urldate = {2017-04-23}
}

@misc{NetflixFailureInjection.2014,
 author = {Andrus, Kolton and Gopalani, Naresh and Schmaus, Ben},
 year = {2014},
 url = {http://techblog.netflix.com/2014/10/fit-failure-injection-testing.html},
 urldate = {2017-04-24}
}

@misc{THOUGHTWORKS.2016,
 author = {THOUGHTWORKS.COM},
 year = {2016},
 url = {https://assets.thoughtworks.com/assets/technology-radar-nov-2016-en.pdf},
 urldate = {2017-04-23}
}

@misc{TECHBEACON.2016,
 author = {Pronschinske, Mitch},
 year = {2016},
 url = {https://techbeacon.com/7-devops-trends-watch-2017},
 urldate = {2017-04-23}
}

@misc{THENEWSTACKPRESENTSTATE.2016,
 author = {Hecht, Lawrence},
 year = {2016},
 url = {https://thenewstack.io/tns-research-present-state-container-orchestration/},
 urldate = {2017-04-23}
}

@misc{FOWLERSERVERLESS.2016,
 author = {Roberts, Mike},
 year = {2016},
 url = {https://martinfowler.com/articles/serverless.html},
 urldate = {2017-04-23}
}

@misc{CNCFSURVEY.2016,
 author = {EdgeX Foundry},
 year = {2016},
 url = {https://www.cncf.io/blog/2017/01/17/container-management-trends-kubernetes-moves-testing-production/},
 urldate = {2017-04-23}
}

@misc{FOWLERPHOENIXSERVER.2012,
 author = {Fowler, Martin},
 year = {2012},
 url = {https://martinfowler.com/bliki/PhoenixServer.html},
 urldate = {2017-04-23}
}

@misc{DockerBlogSwarm.2016,
 author = {Coleman, Mike},
 year = {2016},
 url = {https://blog.docker.com/2016/03/swarmweek-docker-swarm-exceeds-kubernetes-scale/},
 urldate = {2017-04-23}
}

@misc{ClusterHQSurvey.2016,
 author = {ClusterHQ},
 year = {2016},
 url = {https://clusterhq.com/assets/pdfs/state-of-container-usage-june-2016.pdf},
 urldate = {2017-04-23}
}

@misc{LinuxFoundationOpenCloud.2016,
 author = {Linux Foundation},
 year = {2016},
 url = {http://go.linuxfoundation.org/l/6342/2016-10-31/3krbjr?utm_source=press-release&utm_medium=pr&utm_campaign=open-cloud-report-2016},
 urldate = {2017-04-23}
}

@misc{CRIU.2017,
 author = {CRIU},
 year = {2017},
 url = {https://criu.org/Main_Page},
 urldate = {2017-04-23}
}

@misc{KubernetesLargeCluster.2017,
 author = {Kubernetes},
 year = {2017},
 url = {https://kubernetes.io/docs/admin/cluster-large/},
 urldate = {2017-04-23}
}

@misc{Spring.2017,
 author = {Spring},
 year = {2017},
 url = {https://spring.io/},
 urldate = {2017-04-23}
}

@misc{Airhacks.2017,
 author = {Bien, Adam},
 year = {2017},
 url = {https://hub.docker.com/r/airhacks/java/},
 urldate = {2017-04-23}
}

@misc{Kargo.2017,
 author = {Kargo},
 year = {2017},
 url = {https://github.com/kubernetes-incubator/kargo},
 urldate = {2017-04-23}
}

@misc{ITILPPT.2017,
 author = {ITIL},
 year = {2017},
 url = {http://www.itilnews.com/index.php?pagename=ITIL__Back_to_basics_People_Process_and_Technology},
 urldate = {2017-04-17}
}

@misc{UNIXSTACKEXCHANGE_CRASH.2017,
 author = {Stackexchange},
 year = {2017},
 url = {https://unix.stackexchange.com/a/66205},
 urldate = {2017-04-17}
}

@misc{KERNEL_CRASH.2017,
 author = {Kernel},
 year = {2017},
 url = {https://web.archive.org/web/20160816230132/https://www.kernel.org/doc/Documentation/sysrq.txt},
 urldate = {2017-04-17}
}

@misc{RANCHER_INSTALL.2017,
 author = {Rancher},
 year = {2017},
 url = {https://docs.rancher.com/rancher/v1.5/en/installing-rancher/installing-server/},
 urldate = {2017-04-20}
}

@misc{KUBERNETES_INSTALL.2017,
 author = {Rancher},
 year = {2017},
 url = {https://docs.rancher.com/rancher/v1.5/en/kubernetes/},
 urldate = {2017-04-20}
}

@misc{KONTENA_INSTALL.2017,
 author = {Kontena},
 year = {2017},
 url = {http://www.kontena.io/docs/getting-started/installing/digitalocean.html},
 urldate = {2017-04-20}
}

@misc{SWARM_INSTALL.2017,
 author = {Docker},
 year = {2017},
 url = {https://docs.docker.com/engine/swarm/swarm-mode/},
 urldate = {2017-04-20}
}

@misc{FLYNN_INSTALL.2017,
 author = {Flynn},
 year = {2017},
 url = {https://flynn.io/docs/installation/cloud},
 urldate = {2017-04-20}
}

@misc{MESOS_INSTALL.2017,
 author = {DCOS},
 year = {2017},
 url = {https://dcos.io/docs/1.8/administration/installing/cloud/digitalocean/},
 urldate = {2017-04-20}
}

@misc{DIEGO_INSTALL.2017,
 author = {Cloud Foundry},
 year = {2017},
 url = {https://github.com/cloudfoundry-incubator/bosh-google-cpi-release},
 urldate = {2017-04-20}
}

@misc{NOMAD_INSTALL.2017,
 author = {HashiCorp},
 year = {2017},
 url = {https://github.com/hashicorp/consul/tree/master/terraform/digitalocean},
 urldate = {2017-04-23}
}

@misc{RANCHER_HA.2017,
 author = {Rancher},
 year = {2017},
 url = {https://docs.rancher.com/rancher/v1.5/en/installing-rancher/installing-server/#requirements-for-ha},
 urldate = {2017-04-20}
}

@misc{KUBERNETES_HA.2017,
 author = {Kubernetes},
 year = {2017},
 url = {https://kubernetes.io/docs/admin/high-availability/},
 urldate = {2017-04-20}
}

@misc{KONTENA_HA.2017,
 author = {Kontena},
 year = {2017},
 url = {https://www.kontena.io/docs/getting-started/installing/ha-master.html},
 urldate = {2017-04-20}
}

@misc{SWARM_HA.2017,
 author = {Docker},
 year = {2017},
 url = {https://docs.docker.com/engine/swarm/admin_guide/#add-manager-nodes-for-fault-tolerance },
 urldate = {2017-04-20}
}

@misc{FLYNN_HA.2017,
 author = {Flynn},
 year = {2017},
 url = {https://flynn.io/docs/installation/manual},
 urldate = {2017-04-20}
}

@misc{MESOS_HA.2017,
 author = {Mesos},
 year = {2017},
 url = {http://mesos.apache.org/documentation/latest/high-availability/},
 urldate = {2017-04-20}
}

@misc{DIEGO_HA.2017,
 author = {Cloud Foundry},
 year = {2017},
 url = {https://docs.cloudfoundry.org/concepts/high-availability.html},
 urldate = {2017-04-20}
}

@misc{NOMAD_HA.2017,
 author = {HashiCorp},
 year = {2017},
 url = {https://www.nomadproject.io/docs/internals/architecture.html},
 urldate = {2017-04-20}
}

@misc{Cockroach.2017,
 author = {CockroachDB},
 year = {2017},
 url = {https://www.cockroachlabs.com/docs/frequently-asked-questions.html},
 urldate = {2017-04-20}
}

@misc{HealthEndpointMicrosoft.2017,
 author = {Microsoft},
 year = {2017},
 url = {https://docs.microsoft.com/en-us/azure/architecture/patterns/health-endpoint-monitoring},
 urldate = {2017-04-20}
}

@misc{ThrottlingMicrosoft.2017,
 author = {Microsoft},
 year = {2017},
 url = {https://docs.microsoft.com/en-us/azure/architecture/patterns/throttling},
 urldate = {2017-04-20}
}

@misc{Bennett.2012,
 author = {Bennett, Cory and Tseitlin, Ariel},
 editor = {Netflix},
 year = {2012},
 title = {Chaos Monkey Released Into The Wild},
 url = {http://techblog.netflix.com/2012/07/chaos-monkey-released-into-wild.html},
 urldate = {2017-04-23}
}

@misc{TwelveFactorApp.2012,
 author = {Wiggins, Adam},
 year = {2012},
 url = {https://12factor.net/},
 urldate = {2017-04-23}
}

@misc{HAProxyServerProtection.2017,
 author = {HAProxy},
 year = {2012},
 url = {http://cbonte.github.io/haproxy-dconv/1.7/intro.html#3.3.14},
 urldate = {2017-04-24}
}

@misc{MicrosoftQueueLoadLeveling.2017,
 author = {Narumoto, Masashi and Bennage, Christopher},
 year = {2017},
 url = {https://docs.microsoft.com/en-us/azure/architecture/patterns/queue-based-load-leveling},
 urldate = {2017-04-24}
}

@misc{CNCFLandscape.2017,
 author = {Cloud Native Computing Foundation},
 year = {2017},
 url = {https://github.com/cncf/landscape/blob/master/landscape/CloudNativeLandscape_v0.9.4.jpg},
 urldate = {2017-04-24}
}
