% https://www.overleaf.com/learn/latex/Bibliography_management_in_LaTeX

%% Books

@book { melzer.2010,
  title = "Service-orientierte Architekturen mit Web Services : Konzepte – Standards – Praxis",
  author = "Melzer, Ingo",
  isbn = "978-3-8274-2550-8",
  year = "2010",
  publisher = "Spektrum Akademischer Verlag",
  DOI = "http://dx.doi.org/10.1007/978-3-8274-2550-8",
}

@book { evans.2003,
  title = "Domain-Driven Design: Tackling Complexity in the Heart of Software",
  author = "Evans, Eric",
  isbn = "978-0321125217",
  year = "2003",
  publisher = "Addison-Wesley Professional",
  edition = "1",
}

@book { raymond.2003,
  title = "The Art of UNIX Programming",
  author = "Raymond, Eric S.",
  isbn = "978-0131429017",
  year = "2003",
  publisher = "Addison-Wesley",
  edition = "1",
}


%% Articles

@misc { stateofjs.2019,
  title = "The State of JavaScript 2019",
  author = "Greif, Sacha and Benitte, Raphaël",
  year = "2019",
  url = "https://2019.stateofjs.com",
  urldate = "2020-01-16",
}

@misc { stackoverflow.2019,
  title = "Stack Overflow Developer Survey Results 2019",
  author = "Stack Overflow",
  year = "2019",
  url = "https://insights.stackoverflow.com/survey/2019",
  urldate = "2020-01-16",
}

@misc { microservices.2014,
  title = "Microservices, a definition of this new architectural term",
  author = "Lewis, James and Fowler, Martin",
  year = "2014",
  url = "https://www.martinfowler.com/articles/microservices.html",
  urldate = "202-01-21",
}

@misc { conway.1968,
  title = "How Do Committees Invent?",
  author = "Conway, Melvin E.",
  year = "1968",
  url = "http://www.melconway.com/Home/Committees_Paper.html",
  urldate = "202-01-21",
}


%% Documentations



%% Misc

@misc { WikiMicroservices.2019,
  title = "Wikipedia",
  author = "Wikipedia",
  year = "2019",
  url = "https://en.wikipedia.org/wiki/Microservices",
  urldate = "2019-11-13",
}

@misc { caniuse.2020,
  title = "Can I use... Browser support tables for modern web technologies",
  author = "Deveria, Alexis",
  year = "2020",
  url = "https://caniuse.com/",
  urldate = "2020-01-16",
}
